@article{brubaker2020populism,
  title={Populism and nationalism},
  author={Brubaker, Rogers},
  journal={Nations and nationalism},
  volume={26},
  number={1},
  pages={44--66},
  year={2020},
  publisher={Wiley Online Library}
}

@article{bergmann2020populism,
  title={Populism and the politics of misinformation},
  author={Bergmann, Eir{\'\i}kur},
  journal={Safundi},
  volume={21},
  number={3},
  pages={251--265},
  year={2020},
  publisher={Taylor \& Francis}
}

@article{caiani2019understanding,
  title={Understanding varieties of populism in times of crises},
  author={Caiani, Manuela and Graziano, Paolo},
  journal={West European Politics},
  volume={42},
  number={6},
  pages={1141--1158},
  year={2019},
  publisher={Taylor \& Francis}
}

@article{de2018populism,
  title={Populism between direct democracy and the technological myth},
  author={De Blasio, Emiliana and Sorice, Michele},
  journal={Palgrave Communications},
  volume={4},
  number={1},
  pages={1--11},
  year={2018},
  publisher={Palgrave}
}

@article{koch2021varieties,
  title={Varieties of populism and the challenges to Global Constitutionalism: Dangers, promises and implications},
  author={Koch, C{\'e}dric M},
  journal={Global Constitutionalism},
  volume={10},
  number={3},
  pages={400--438},
  year={2021},
  publisher={Cambridge University Press}
}

@article{binder2021technopopulism,
  title={Technopopulism and Central Banks},
  author={Binder, Carola},
  journal={Available at SSRN 3823456},
  year={2021}
}

@article{sanders2015bernie,
  title={Bernie Sanders: To rein in Wall Street, fix the Fed},
  author={Sanders, Bernie},
  journal={The New York Times},
  url = {https://www.nytimes.com/2015/12/23/opinion/bernie-sanders-to-rein-in-wall-street-fix-the-fed.html},
  urldate = {2022-5-13},
  year={2015}
}

@article{gnan2020populism,
  title={Populism, economic policies and central banking: An overview},
  author={Gnan, Ernest and Masciandaro, Donato},
  journal={SUERF Policy Note},
  number={131},
  year={2020}
}

@article{rajan2017central,
  title={Central Banks' Year of Reckoning},
  author={Rajan, Raghuram},
  journal={Project Syndicate},
  url = {https://www.project-syndicate.org/onpoint/central-banks-unvoncentional-monetary-policies-by-raghuram-rajan-2017-12},
  urldate = {2022-5-13},
  year={2017}
}

@article{turner12017did,
  title={Did central banks cause the last financial crisis? Will they cause the next?},
  author={Turner, Philip},
  journal={National Institute of Economic and Social Research Discussion Paper},
  number={484},
  year={2017}
}

@article{james2010central,
  title={Central banks: between internationalisation and domestic political control},
  author={James, Harold},
  year={2010},
  journal={BIS Working Paper},
  publisher={Bank for International Settlements}
}

@inproceedings{tokle2005fed,
  title={FED CONSPIRACY USED IN TEACHING MONEY AND BANKING},
  author={Tokle, Robert},
  booktitle={Allied Academies International Conference. Academy for Economics and Economic Education. Proceedings},
  volume={8},
  number={2},
  pages={33},
  year={2005},
  organization={Jordan Whitney Enterprises, Inc}
}

@article{league2017jewish,
  title={Jewish `Control' of the Federal Reserve: A Classic Anti-Semitic Myth},
  author={{Anti-Defamation League}},
  journal={Anti-Defamation League},
  volume={8},
  year={2017}
}

@article{castanho2017elite,
  title={The elite is up to something: Exploring the relation between populism and belief in conspiracy theories},
  author={Castanho Silva, Bruno and Vegetti, Federico and Littvay, Levente},
  journal={Swiss political science review},
  volume={23},
  number={4},
  pages={423--443},
  year={2017},
  publisher={Wiley Online Library}
}

@article{van2015political,
  title={Political extremism predicts belief in conspiracy theories},
  author={Van Prooijen, Jan-Willem and Krouwel, Andr{\'e} PM and Pollet, Thomas V},
  journal={Social Psychological and Personality Science},
  volume={6},
  number={5},
  pages={570--578},
  year={2015},
  publisher={Sage Publications Sage CA: Los Angeles, CA}
}

@article{van2018populism,
  title={Populism as political mentality underlying conspiracy theories},
  author={Van Prooijen, Jan-Willem and Rutjens, B and Brandt, M},
  journal={Belief systems and the perception of reality},
  volume={1},
  pages={79--96},
  year={2018},
  publisher={Routledge Oxon}
}

@book{bergmann2020conspiracy,
  title={Conspiracy theory and populism},
  author={Bergmann, Eir{\'\i}kur and Butter, Michael},
  year={2020},
  publisher={Universit{\"a}t T{\"u}bingen}
}

@inproceedings{sawyerpopulism,
  title={Populism and Conspiracy Theories},
  author={Sawyer, Patrick},
  booktitle={Reflections on Emotions, Populism and Polarisation: HEPP2 CONFERENCE PROCEEDINGS},
  pages={111},
  year = {2021}
}

@article{stecula2021populism,
  title={How populism and conservative media fuel conspiracy beliefs about COVID-19 and what it means for COVID-19 behaviors},
  author={Stecula, Dominik A and Pickup, Mark},
  journal={Research \& Politics},
  volume={8},
  number={1},
  pages={2053168021993979},
  year={2021},
  publisher={SAGE Publications Sage UK: London, England}
}

@article{eberl2021populism,
  title={From populism to the “plandemic”: why populists believe in COVID-19 conspiracies},
  author={Eberl, Jakob-Moritz and Huber, Robert A and Greussing, Esther},
  journal={Journal of Elections, Public Opinion and Parties},
  volume={31},
  number={sup1},
  pages={272--284},
  year={2021},
  publisher={Taylor \& Francis}
}

@article{jamison2020not,
  title={Not just conspiracy theories: Vaccine opponents and proponents add to the COVID-19 ‘infodemic’on Twitter},
  author={Jamison, Amelia M and Broniatowski, David A and Dredze, Mark and Sangraula, Anu and Smith, Michael C and Quinn, Sandra C},
  journal={Harvard Kennedy School Misinformation Review},
  volume={1},
  year={2020},
  publisher={NIH Public Access}
}

@article{stephens2020geospatial,
  title={A geospatial infodemic: Mapping Twitter conspiracy theories of COVID-19},
  author={Stephens, Monica},
  journal={Dialogues in Human Geography},
  volume={10},
  number={2},
  pages={276--281},
  year={2020},
  publisher={SAGE Publications Sage UK: London, England}
}

@article{jackson2021qanon,
  title={QAnon on Twitter: An Overview},
  author={Jackson, Sam and Gorman, Brandon and Nakatsuka, Mayuko},
  journal={Institute for Data, Democracy \& Politics, The George Washington University, Washington, DC. Accessed June},
  volume={21},
  pages={2021},
  year={2021}
}

@article{ahmed2020covid,
  title={COVID-19 and the 5G conspiracy theory: social network analysis of Twitter data},
  author={Ahmed, Wasim and Vidal-Alaball, Josep and Downing, Joseph and Segu{\'\i}, Francesc L{\'o}pez and others},
  journal={Journal of medical internet research},
  volume={22},
  number={5},
  pages={e19458},
  year={2020},
  publisher={JMIR Publications Inc., Toronto, Canada}
}

@inproceedings{schroeder2021wico,
  title={WICO Graph: A Labeled Dataset of Twitter Subgraphs based on Conspiracy Theory and 5G-Corona Misinformation Tweets.},
  author={Schroeder, Daniel Thilo and Schaal, Ferdinand and Filkukova, Petra and Pogorelov, Konstantin and Langguth, Johannes},
  booktitle={ICAART (2)},
  pages={257--266},
  year={2021}
}

@article{mahl2021nasa,
  title={From “Nasa Lies” to “Reptilian Eyes”: Mapping communication about 10 conspiracy theories, their communities, and main propagators on Twitter},
  author={Mahl, Daniela and Zeng, Jing and Sch{\"a}fer, Mike S},
  journal={Social Media+ Society},
  volume={7},
  number={2},
  pages={20563051211017482},
  year={2021},
  publisher={Sage Publications Sage UK: London, England}
}

@article{cinelli2020covid,
  title={The COVID-19 social media infodemic},
  author={Cinelli, Matteo and Quattrociocchi, Walter and Galeazzi, Alessandro and Valensise, Carlo Michele and Brugnoli, Emanuele and Schmidt, Ana Lucia and Zola, Paola and Zollo, Fabiana and Scala, Antonio},
  journal={Scientific reports},
  volume={10},
  number={1},
  pages={1--10},
  year={2020},
  publisher={Nature Publishing Group}
}

@article{bovet2019influence,
  title={Influence of fake news in Twitter during the 2016 US presidential election},
  author={Bovet, Alexandre and Makse, Hern{\'a}n A},
  journal={Nature communications},
  volume={10},
  number={1},
  pages={1--14},
  year={2019},
  publisher={Nature Publishing Group}
}

@article{kauk2021understanding,
  title={Understanding and countering the spread of conspiracy theories in social networks: Evidence from epidemiological models of Twitter data},
  author={Kauk, Julian and Kreysa, Helene and Schweinberger, Stefan R},
  journal={Plos one},
  volume={16},
  number={8},
  pages={e0256179},
  year={2021},
  publisher={Public Library of Science San Francisco, CA USA}
}

@article{cinelli2021echo,
  title={The echo chamber effect on social media},
  author={Cinelli, Matteo and Morales, Gianmarco De Francisci and Galeazzi, Alessandro and Quattrociocchi, Walter and Starnini, Michele},
  journal={Proceedings of the National Academy of Sciences},
  volume={118},
  number={9},
  year={2021},
  publisher={National Acad Sciences}
}

@inproceedings{yan2013biterm,
  title={A biterm topic model for short texts},
  author={Yan, Xiaohui and Guo, Jiafeng and Lan, Yanyan and Cheng, Xueqi},
  booktitle={Proceedings of the 22nd international conference on World Wide Web},
  pages={1445--1456},
  year={2013}
}

@article{blei2003latent,
  title={Latent dirichlet allocation},
  author={Blei, David M and Ng, Andrew Y and Jordan, Michael I},
  journal={Journal of machine Learning research},
  volume={3},
  number={Jan},
  pages={993--1022},
  year={2003}
}

@article{blei2006correlated,
  title={Correlated topic models},
  author={Blei, David and Lafferty, John},
  journal={Advances in neural information processing systems},
  volume={18},
  pages={147},
  year={2006},
  publisher={Citeseer}
}

@inproceedings{chen2015user,
  title={User based aggregation for biterm topic model},
  author={Chen, Weizheng and Wang, Jinpeng and Zhang, Yan and Yan, Hongfei and Li, Xiaoming},
  booktitle={Proceedings of the 53rd Annual Meeting of the Association for Computational Linguistics and the 7th International Joint Conference on Natural Language Processing (Volume 2: Short Papers)},
  pages={489--494},
  year={2015}
}

@article{jonsson2015evaluation,
  title={An evaluation of topic modelling techniques for twitter},
  author={J{\'o}nsson, El{\i}as and Stolee, Jake},
  journal={University of Toronto},
  year={2015}
}

@article{mackey2018solution,
  title={Solution to detect, classify, and report illicit online marketing and sales of controlled substances via twitter: using machine learning and web forensics to combat digital opioid access},
  author={Mackey, Tim and Kalyanam, Janani and Klugman, Josh and Kuzmenko, Ella and Gupta, Rashmi},
  journal={Journal of medical Internet research},
  volume={20},
  number={4},
  pages={e10029},
  year={2018},
  publisher={JMIR Publications Inc., Toronto, Canada}
}

@inproceedings{han2016exploratory,
  title={Exploratory analysis of marketing and non-marketing e-cigarette themes on Twitter},
  author={Han, Sifei and Kavuluru, Ramakanth},
  booktitle={International Conference on Social Informatics},
  pages={307--322},
  year={2016},
  organization={Springer}
}

@article{khan2021twitter,
  title={Twitter trends: A ranking algorithm analysis on real time data},
  author={Khan, Hikmat Ullah and Nasir, Shumaila and Nasim, Kishwar and Shabbir, Danial and Mahmood, Ahsan},
  journal={Expert Systems with Applications},
  volume={164},
  pages={113990},
  year={2021},
  publisher={Elsevier}
}

@inproceedings{mimno2011optimizing,
  title={Optimizing semantic coherence in topic models},
  author={Mimno, David and Wallach, Hanna M and Talley, Edmund and Leenders, Miriam and McCallum, Andrew},
  booktitle={Proceedings of the conference on empirical methods in natural language processing},
  pages={262--272},
  year={2011},
  organization={Association for Computational Linguistics}
}
